@inproceedings{lee2012discovering,
  title={Discovering important people and objects for egocentric video summarization},
  author={Lee, Yong Jae and Ghosh, Joydeep and Grauman, Kristen},
  booktitle=cvpr,
  year={2012},
}
@inproceedings{chu2015video,
  title={Video co-summarization: Video summarization by visual co-occurrence},
  author={Chu, Wen-Sheng and Song, Yale and Jaimes, Alejandro},
  booktitle=cvpr,
  year={2015}
}

@inproceedings{kang2006space,
  title={Space-time video montage},
  author={Kang, Hong-Wen and Matsushita, Yasuyuki and Tang, Xiaoou and Chen, Xue-Quan},
  booktitle=cvpr,
  year={2006},
}

@article{ji2017video,
  title={Video summarization with attention-based encoder-decoder networks},
  author={Ji, Zhong and Xiong, Kailin and Pang, Yanwei and Li, Xuelong},
  journal={arXiv preprint arXiv:1708.09545},
  year={2017}
}

@inproceedings{zeng2016generation,
  title={Generation for user generated videos},
  author={Zeng, Kuo-Hao and Chen, Tseng-Hung and Niebles, Juan Carlos and Sun, Min},
  booktitle=eccv,
  year={2016},
}
@inproceedings{szegedy2015going,
  title={Going deeper with convolutions},
  author={Szegedy, Christian and Liu, Wei and Jia, Yangqing and Sermanet, Pierre and Reed, Scott and Anguelov, Dragomir and Erhan, Dumitru and Vanhoucke, Vincent and Rabinovich, Andrew},
  booktitle=cvpr,
  year={2015}
}
@inproceedings{zhao2017hierarchical,
  title={Hierarchical recurrent neural network for video summarization},
  author={Zhao, Bin and Li, Xuelong and Lu, Xiaoqiang},
  booktitle=acmmm,
  year={2017},
}
@article{kay2017kinetics,
  title={The kinetics human action video dataset},
  author={Kay, Will and Carreira, Joao and Simonyan, Karen and Zhang, Brian and Hillier, Chloe and Vijayanarasimhan, Sudheendra and Viola, Fabio and Green, Tim and Back, Trevor and Natsev, Paul and others},
  journal={arXiv preprint arXiv:1705.06950},
  year={2017}
}
@inproceedings{zhang2018retrospective,
  title={Retrospective Encoders for Video Summarization},
  author={Zhang, Ke and Grauman, Kristen and Sha, Fei},
  booktitle = eccv,
  year = {2018} 
}

@InProceedings{Gao_2017_ICCV,
author = {Gao, Jiyang and Yang, Zhenheng and Chen, Kan and Sun, Chen and Nevatia, Ram},
title = {TURN TAP: Temporal Unit Regression Network for Temporal Action Proposals},
booktitle = iccv,
year = {2017}
}
@article{yao2015depth,
  title={Depth-gated recurrent neural networks. arXiv preprint},
  author={Yao, Kaisheng and Cohn, Trevor and Vylomova, Katerina and Duh, Kevin and Dyer, Chris},
  journal={arXiv preprint arXiv:1508.03790},
  volume={9},
  year={2015}
}
@article{namikawa2008model,
  title={A model for learning to segment temporal sequences, utilizing a mixture of RNN experts together with adaptive variance},
  author={Namikawa, Jun and Tani, Jun},
  journal={Neural Networks},
  volume={21},
  number={10},
  pages={1466--1475},
  year={2008},
  publisher={Elsevier}
}
@inproceedings{goodfellow2014generative,
  title={Generative adversarial nets},
  author={Goodfellow, Ian and Pouget-Abadie, Jean and Mirza, Mehdi and Xu, Bing and Warde-Farley, David and Ozair, Sherjil and Courville, Aaron and Bengio, Yoshua},
  booktitle=nips,
  year={2014}
}
@article{lin2017temporal,
  title={Temporal Convolution Based Action Proposal: Submission to ActivityNet 2017},
  author={Lin, Tianwei and Zhao, Xu and Shou, Zheng},
  journal={arXiv preprint arXiv:1707.06750},
  year={2017}
}
@inproceedings{yang2015unsupervised,
  title={Unsupervised extraction of video highlights via robust recurrent auto-encoders},
  author={Yang, Huan and Wang, Baoyuan and Lin, Stephen and Wipf, David and Guo, Minyi and Guo, Baining},
  booktitle=iccv,
  year={2015}
}
@inproceedings{sun2014ranking,
  title={Ranking domain-specific highlights by analyzing edited videos},
  author={Sun, Min and Farhadi, Ali and Seitz, Steve},
  booktitle={European conference on computer vision},
  pages={787--802},
  year={2014},
  organization={Springer}
}

@inproceedings{alwassel_2018_detad,
  title={Diagnosing Error in Temporal Action Detectors},
  author={Alwassel, Humam and Caba Heilbron, Fabian and Escorcia, Victor and Ghanem, Bernard},
  booktitle={The European Conference on Computer Vision (ECCV)},
  month={September},
  year={2018}
}
@inproceedings{kingma2014adam,
  title={Adam: A method for stochastic optimization},
  author={Kingma, Diederik P and Ba, Jimmy},
  booktitle=iclr,
  year={2015}
}
@inproceedings{jozefowicz2015empirical,
  title={An empirical exploration of recurrent network architectures},
  author={Jozefowicz, Rafal and Zaremba, Wojciech and Sutskever, Ilya},
  booktitle=icml,
  year={2015}
}
@article{chung2014empirical,
  title={Empirical evaluation of gated recurrent neural networks on sequence modeling},
  author={Chung, Junyoung and Gulcehre, Caglar and Cho, KyungHyun and Bengio, Yoshua},
  journal={arXiv:1412.3555},
  year={2014}
}
@inproceedings{redmon2016you,
  title={You only look once: Unified, real-time object detection},
  author={Redmon, Joseph and Divvala, Santosh and Girshick, Ross and Farhadi, Ali},
  booktitle=cvpr,
  year={2016}
}
@article{redmon2017yolo9000,
  title={YOLO9000: better, faster, stronger},
  author={Redmon, Joseph and Farhadi, Ali},
  journal=cvpr,
  year={2017}
}
@inproceedings{liu2016ssd,
  title={Ssd: Single shot multibox detector},
  author={Liu, Wei and Anguelov, Dragomir and Erhan, Dumitru and Szegedy, Christian and Reed, Scott and Fu, Cheng-Yang and Berg, Alexander C},
  booktitle=eccv,
  year={2016},
}
@inproceedings{donahue2015long,
  title={Long-term recurrent convolutional networks for visual recognition and description},
  author={Donahue, Jeffrey and Anne Hendricks, Lisa and Guadarrama, Sergio and Rohrbach, Marcus and Venugopalan, Subhashini and Saenko, Kate and Darrell, Trevor},
  booktitle=cvpr,
  year={2015}
}
@inproceedings{vinyals2015show,
  title={Show and tell: A neural image caption generator},
  author={Vinyals, Oriol and Toshev, Alexander and Bengio, Samy and Erhan, Dumitru},
  booktitle=cvpr,
  year={2015},
}
@inproceedings{vinyals2015grammar,
  title={Grammar as a foreign language},
  author={Vinyals, Oriol and Kaiser, {\L}ukasz and Koo, Terry and Petrov, Slav and Sutskever, Ilya and Hinton, Geoffrey},
  booktitle=nips,
  year={2015}
}

@incollection{rumelhart1985learning,
	Author = {Rumelhart, D. and Hinton, G. and Williams, R.},
	Booktitle = {Parallel Distributed Processing},
	Chapter = {8},
	Date-Added = {2015-09-13 23:55:50 +0000},
	Date-Modified = {2015-09-13 23:57:45 +0000},
	Pages = {318--362},
	Publisher = {{MIT Press, Cambridge, MA}},
	Title = {Learning Internal Representations by Error Propagation},
	Volume = {1},
	Year = {1986}}

@inproceedings{gong2014diverse,
  title={Diverse sequential subset selection for supervised video summarization},
  author={Gong, Boqing and Chao, Wei-Lun and Grauman, Kristen and Sha, Fei},
  booktitle=nips,
  year={2014}
}
@inproceedings{mahasseni2017unsupervised,
  title={Unsupervised video summarization with adversarial lstm networks},
  author={Mahasseni, Behrooz and Lam, Michael and Todorovic, Sinisa},
  booktitle=cvpr,
  year={2017}
}
@inproceedings{li2010multi,
  title={Multi-video summarization based on Video-MMR},
  author={Li, Yingbo and Merialdo, Bernard},
  booktitle={Image Analysis for Multimedia Interactive Services},
  year={2010},
}
@inproceedings{zhao2014quasi,
  title={Quasi real-time summarization for consumer videos},
  author={Zhao, Bin and Xing, Eric P},
  booktitle=cvpr,
  year={2014}
}
@inproceedings{khosla2013large,
  title={Large-scale video summarization using web-image priors},
  author={Khosla, Aditya and Hamid, Raffay and Lin, Chih-Jen and Sundaresan, Neel},
  booktitle=cvpr,
  year={2013}
}
@article{de2011vsumm,
  title={VSUMM: A mechanism designed to produce static video summaries and a novel evaluation method},
  author={De Avila, Sandra Eliza Fontes and Lopes, Ana Paula Brand{\~a}o and da Luz Jr, Antonio and de Albuquerque Ara{\'u}jo, Arnaldo},
  journal={Pattern Recognition Letters},
  volume={32},
  number={1},
  pages={56--68},
  year={2011},
}
@inproceedings{cho2014learning,
  title={Learning phrase representations using RNN encoder-decoder for statistical machine translation},
  author={Cho, Kyunghyun and Van Merri{\"e}nboer, Bart and Gulcehre, Caglar and Bahdanau, Dzmitry and Bougares, Fethi and Schwenk, Holger and Bengio, Yoshua},
  booktitle=EMNLP,
  year={2014}
}
@inproceedings{lin2018BSN,
  author    = {Tianwei Lin and
               Xu Zhao and
               Haisheng Su and
               Chongjing Wang and
               Ming Yang},
  title     = {BSN: Boundary Sensitive Network for Temporal Action Proposal Generation},
  booktitle   = {European Conference on Computer Vision},
  year      = {2018},
}
@inproceedings{luong2015effective,
  title={Effective approaches to attention-based neural machine translation},
  author={Luong, Minh-Thang and Pham, Hieu and Manning, Christopher D},
  journal=EMNLP,
  year={2015}
}
@inproceedings{sutskever2014sequence,
  title={Sequence to sequence learning with neural networks},
  author={Sutskever, Ilya and Vinyals, Oriol and Le, Quoc V},
  booktitle=nips,
  year={2014}
}
@inproceedings{peng2015named,
  title={Named entity recognition for chinese social media with jointly trained embeddings},
  author={Peng, Nanyun and Dredze, Mark},
  booktitle=EMNLP,
  year={2015}
}
@article{kelley2018sequential,
  title={Sequential regulatory activity prediction across chromosomes with convolutional neural networks},
  author={Kelley, David R and Reshef, Yakir A and Belanger, David and McLean, Cory and Snoek, Jasper and Bileschi, Maxwell},
  journal={Genome research},
  year={2018},
}

@inproceedings{srivastava2015unsupervised,
  title={Unsupervised learning of video representations using lstms},
  author={Srivastava, Nitish and Mansimov, Elman and Salakhudinov, Ruslan},
  booktitle=icml,
  year={2015}
}
@inproceedings{adi2017sequence,
  title={Sequence segmentation using joint RNN and structured prediction models},
  author={Adi, Yossi and Keshet, Joseph and Cibelli, Emily and Goldrick, Matthew},
  booktitle={ICASSP},
  year={2017},
}
@inproceedings{fernando2015modeling,
  title={Modeling video evolution for action recognition},
  author={Fernando, Basura and Gavves, Stratis and Mogrovejo, Oramas and Antonio, Jos{\'e} and Ghodrati, Amir and Tuytelaars, Tinne},
  booktitle=cvpr,
  year={2015}
}
@inproceedings{bahdanau2014neural,
  title={Neural machine translation by jointly learning to align and translate},
  author={Bahdanau, Dzmitry and Cho, Kyunghyun and Bengio, Yoshua},
  booktitle=iclr,
  year={2014}
}
@article{hou2016squared,
  title={Squared Earth Mover's Distance-based Loss for Training Deep Neural Networks},
  author={Hou, Le and Yu, Chen-Ping and Samaras, Dimitris},
  journal={arXiv:1611.05916},
  year={2016}
}
@article{shalev2011stochastic,
  title={Stochastic methods for l1-regularized loss minimization},
  author={Shalev-Shwartz, Shai and Tewari, Ambuj},
  journal={Journal of Machine Learning Research},
  volume={12},
  number={Jun},
  pages={1865--1892},
  year={2011}
}
@book{luenberger1973introduction,
  title={Introduction to linear and nonlinear programming},
  author={Luenberger, David G},
  year={1973},
  publisher={Addison-Wesley publishing company}
}
@article{rubner2000earth,
  title={The earth mover's distance as a metric for image retrieval},
  author={Rubner, Yossi and Tomasi, Carlo and Guibas, Leonidas J},
  journal=ijcv,
  volume={40},
  number={2},
  pages={99--121},
  year={2000},
}
@article{graves2014neural,
  title={Neural turing machines},
  author={Graves, Alex and Wayne, Greg and Danihelka, Ivo},
  journal={arXiv:1410.5401},
  year={2014}
}
@inproceedings{ma2016learning,
  title={Learning activity progression in lstms for activity detection and early detection},
  author={Ma, Shugao and Sigal, Leonid and Sclaroff, Stan},
  booktitle=cvpr,
  year={2016}
}
@inproceedings{viola2001rapid,
  title={Rapid object detection using a boosted cascade of simple features},
  author={Viola, Paul and Jones, Michael},
  booktitle=cvpr,
  year={2001},
}
@article{li2018independently,
  title={Independently Recurrent Neural Network (IndRNN): Building A Longer and Deeper RNN},
  author={Li, Shuai and Li, Wanqing and Cook, Chris and Zhu, Ce and Gao, Yanbo},
  journal={arXiv:1803.04831},
  year={2018}
}
@inproceedings{cheng2016long,
  title={Long short-term memory-networks for machine reading},
  author={Cheng, Jianpeng and Dong, Li and Lapata, Mirella},
  booktitle=emnlp,
  year={2016}
}
@inproceedings{lin2017structured,
  title={A structured self-attentive sentence embedding},
  author={Lin, Zhouhan and Feng, Minwei and Santos, Cicero Nogueira dos and Yu, Mo and Xiang, Bing and Zhou, Bowen and Bengio, Yoshua},
  booktitle=ICLR,
  year={2017}
}
@inproceedings{parikh2016decomposable,
  title={A decomposable attention model for natural language inference},
  author={Parikh, Ankur P and T{\"a}ckstr{\"o}m, Oscar and Das, Dipanjan and Uszkoreit, Jakob},
  journal=EMNLP,
  year={2016}
}
@inproceedings{paulus2017deep,
  title={A deep reinforced model for abstractive summarization},
  author={Paulus, Romain and Xiong, Caiming and Socher, Richard},
  booktitle=ICLR,
  year={2018}
}
@inproceedings{szegedy2013deep,
  title={Deep neural networks for object detection},
  author={Szegedy, Christian and Toshev, Alexander and Erhan, Dumitru},
  booktitle=nips,
  year={2013}
}
@inproceedings{girshick2014rich,
  title={Rich feature hierarchies for accurate object detection and semantic segmentation},
  author={Girshick, Ross and Donahue, Jeff and Darrell, Trevor and Malik, Jitendra},
  booktitle=cvpr,
  year={2014}
}
@article{carreira2012cpmc,
  title={Cpmc: Automatic object segmentation using constrained parametric min-cuts},
  author={Carreira, Joao and Sminchisescu, Cristian},
  journal=pami,
  volume={34},
  number={7},
  pages={1312--1328},
  year={2012},
}
@inproceedings{buch2017end,
  title={End-to-end, single-stream temporal action detection in untrimmed videos},
  author={Buch, S and Escorcia, V and Ghanem, B and Fei-Fei, L and Niebles, JC},
  booktitle=bmvc,
  year={2017},
}
@inproceedings{zhou2017deep,
  title={Deep Reinforcement Learning for Unsupervised Video Summarization with Diversity-Representativeness Reward},
  author={Zhou, Kaiyang and Qiao, Yu},
  booktitle=aaai,
  year={2017},
}
@inproceedings{zhang2016video,
  title={Video summarization with long short-term memory},
  author={Zhang, Ke and Chao, Wei-Lun and Sha, Fei and Grauman, Kristen},
  booktitle=eccv,
  year={2016},
}
@article{pan2018recurrent,
  title={Recurrent Residual Module for Fast Inference in Videos},
  author={Pan, Bowen and Lin, Wuwei and Fang, Xiaolin and Huang, Chaoqin and Zhou, Bolei and Lu, Cewu},
  journal=cvpr,
  year={2018}
}
@inproceedings{shazeer2017outrageously,
  title={Outrageously large neural networks: The sparsely-gated mixture-of-experts layer},
  author={Shazeer, Noam and Mirhoseini, Azalia and Maziarz, Krzysztof and Davis, Andy and Le, Quoc and Hinton, Geoffrey and Dean, Jeff},
  journal=ICLR,
  year={2017}
}
@inproceedings{sigurdsson2017asynchronous,
  title={Asynchronous temporal fields for action recognition},
  author={Sigurdsson, Gunnar A and Divvala, Santosh and Farhadi, Ali and Gupta, Abhinav},
  booktitle=cvpr,
  year={2017}
}
@article{hosang2016makes,
  title={What makes for effective detection proposals?},
  author={Hosang, Jan and Benenson, Rodrigo and Doll{\'a}r, Piotr and Schiele, Bernt},
  journal=pami,
  volume={38},
  number={4},
  pages={814--830},
  year={2016},
}
@inproceedings{yu2015fast,
  title={Fast action proposals for human action detection and search},
  author={Yu, Gang and Yuan, Junsong},
  booktitle=cvpr,
  year={2015}
}
@inproceedings{zhang2016unconstrained,
  title={Unconstrained salient object detection via proposal subset optimization},
  author={Zhang, Jianming and Sclaroff, Stan and Lin, Zhe and Shen, Xiaohui and Price, Brian and Mech, Radomir},
  booktitle=cvpr,
  year={2016}
}
@inproceedings{zhai2017neural,
  title={Neural Models for Sequence Chunking.},
  author={Zhai, Feifei and Potdar, Saloni and Xiang, Bing and Zhou, Bowen},
  booktitle={AAAI},
  year={2017}
}
@article{hoai2014max,
  title={Max-margin early event detectors},
  author={Hoai, Minh and De la Torre, Fernando},
  journal=ijcv,
  volume={107},
  number={2},
  pages={191--202},
  year={2014},
}
@inproceedings{yuan2016temporal,
  title={Temporal action localization with pyramid of score distribution features},
  author={Yuan, Jun and Ni, Bingbing and Yang, Xiaokang and Kassim, Ashraf A},
  booktitle=cvpr,
  year={2016}
}
@inproceedings{koutnik2014clockwork,
  title={A clockwork rnn},
  author={Koutnik, Jan and Greff, Klaus and Gomez, Faustino and Schmidhuber, Juergen},
  booktitle=icml,
  year={2014}
}
@inproceedings{carreira2017quo,
  title={Quo vadis, action recognition? a new model and the kinetics dataset},
  author={Carreira, Joao and Zisserman, Andrew},
  booktitle=cvpr,
  year={2017},
}
@inproceedings{li2016online,
  title={Online human action detection using joint classification-regression recurrent neural networks},
  author={Li, Yanghao and Lan, Cuiling and Xing, Junliang and Zeng, Wenjun and Yuan, Chunfeng and Liu, Jiaying},
  booktitle=eccv,
  year={2016},
}
@inproceedings{hoai2011joint,
  title={Joint segmentation and classification of human actions in video},
  author={Hoai, Minh and Lan, Zhen-Zhong and De la Torre, Fernando},
  booktitle=cvpr,
  year={2011},
}
@inproceedings{dai2017temporal,
  title={Temporal Context Network for Activity Localization in Videos},
  author={Dai, Xiyang and Singh, Bharat and Zhang, Guyue and Davis, Larry S and Chen, Yan Qiu},
  booktitle=iccv,
  year={2017},
}
@inproceedings{xu2017r,
  title={R-c3d: Region convolutional 3d network for temporal activity detection},
  author={Xu, Huijuan and Das, Abir and Saenko, Kate},
  booktitle=iccv,
  year={2017}
}
@inproceedings{caba2016fast,
  title={Fast temporal activity proposals for efficient detection of human actions in untrimmed videos},
  author={Caba Heilbron, Fabian and Carlos Niebles, Juan and Ghanem, Bernard},
  booktitle=cvpr,
  year={2016}
}
@article{montes2016temporal,
  title={Temporal activity detection in untrimmed videos with recurrent neural networks},
  author={Montes, Alberto and Salvador, Amaia and Giro-i-Nieto, Xavier},
  journal={NIPS Workshop on Large Scale Computer Vision Systems},
  year={2016}
}
@inproceedings{wang2016actionness,
  title={Actionness estimation using hybrid fully convolutional networks},
  author={Wang, Limin and Qiao, Yu and Tang, Xiaoou and Van Gool, Luc},
  booktitle=cvpr,
  year={2016}
}
@inproceedings{pascanu2013difficulty,
  title={On the difficulty of training recurrent neural networks},
  author={Pascanu, Razvan and Mikolov, Tomas and Bengio, Yoshua},
  booktitle=icml,
  year={2013}
}
@inproceedings{singh2016multi,
  title={A multi-stream bi-directional recurrent neural network for fine-grained action detection},
  author={Singh, Bharat and Marks, Tim K and Jones, Michael and Tuzel, Oncel and Shao, Ming},
  booktitle=cvpr,
  year={2016},
}
@inproceedings{huang2016connectionist,
  title={Connectionist temporal modeling for weakly supervised action labeling},
  author={Huang, De-An and Fei-Fei, Li and Niebles, Juan Carlos},
  booktitle=eccv,
  year={2016},
}
@article{yeung2018every,
  title={Every moment counts: Dense detailed labeling of actions in complex videos},
  author={Yeung, Serena and Russakovsky, Olga and Jin, Ning and Andriluka, Mykhaylo and Mori, Greg and Fei-Fei, Li},
  journal=ijcv,
  volume={126},
  number={2-4},
  pages={375--389},
  year={2018},
}
@inproceedings{lea2017temporal,
  title={Temporal Convolutional Networks for Action Segmentation and Detection},
  author={Lea, Colin and Flynn, Michael D and Vidal, Rene and Reiter, Austin and Hager, Gregory D},
  booktitle=cvpr,
  year={2017}
}
@inproceedings{escorcia2016daps,
  title={Daps: Deep action proposals for action understanding},
  author={Escorcia, Victor and Heilbron, Fabian Caba and Niebles, Juan Carlos and Ghanem, Bernard},
  booktitle=eccv,
  year={2016},
}
@inproceedings{mnih2014recurrent,
  title={Recurrent models of visual attention},
  author={Mnih, Volodymyr and Heess, Nicolas and Graves, Alex and others},
  booktitle=nips,
  year={2014}
}
@inproceedings{yeung2016end,
  title={End-to-end learning of action detection from frame glimpses in videos},
  author={Yeung, Serena and Russakovsky, Olga and Mori, Greg and Fei-Fei, Li},
  booktitle=cvpr,
  year={2016}
}
@inproceedings{heilbron2015activitynet,
  title={Activitynet: A large-scale video benchmark for human activity understanding},
  author={Heilbron, Fabian Caba and Escorcia, Victor and Ghanem, Bernard and Niebles, Juan Carlos},
  booktitle=cvpr,
  year={2015},
}
@inproceedings{wang2016temporal,
  title={Temporal segment networks: Towards good practices for deep action recognition},
  author={Wang, Limin and Xiong, Yuanjun and Wang, Zhe and Qiao, Yu and Lin, Dahua and Tang, Xiaoou and Van Gool, Luc},
  booktitle=eccv,
  year={2016},
}
@inproceedings{karpathy2015visualizing,
  title={Visualizing and understanding recurrent networks},
  author={Karpathy, Andrej and Johnson, Justin and Fei-Fei, Li},
  booktitle=ICLR,
  year={2016}
}
@inproceedings{zhao2017temporal,
  title={Temporal action detection with structured segment networks},
  author={Zhao, Yue and Xiong, Yuanjun and Wang, Limin and Wu, Zhirong and Tang, Xiaoou and Lin, Dahua},
  booktitle=iccv,
  year={2017}
}
@misc{THUMOS14,
   author = "Jiang, Y.-G. and Liu, J. and Roshan Zamir, A. and Toderici, G. and Laptev,
   I. and Shah, M. and Sukthankar, R.",
   title = "{THUMOS} Challenge: Action Recognition with a Large
   Number of Classes",
   howpublished = "\url{http://crcv.ucf.edu/THUMOS14/}",
   Year = {2014}}
@misc{THUMOS15,
   author = "Gorban, A. and Idrees, H. and Jiang, Y.-G. and Roshan Zamir, A. and Laptev,
   I. and Shah, M. and Sukthankar, R.",
   title = "{THUMOS} Challenge: Action Recognition with a Large
   Number of Classes",
   howpublished = "\url{http://www.thumos.info/}",
   Year = {2015}}
   
@inproceedings{shou2017cdc,
     title={CDC: convolutional-de-convolutional networks for precise temporal action localization in untrimmed videos},
     author={Shou, Zheng and Chan, Jonathan and Zareian, Alireza and Miyazawa, Kazuyuki and Chang, Shih-Fu},
     booktitle=cvpr,
     year={2017},
   }
  @inproceedings{shou2016temporal,
  title={Temporal action localization in untrimmed videos via multi-stage cnns},
  author={Shou, Zheng and Wang, Dongang and Chang, Shih-Fu},
  booktitle=cvpr,
  year={2016}
}
@article{poppe2010survey,
  title={A survey on vision-based human action recognition},
  author={Poppe, Ronald},
  journal={Image and vision computing},
  volume={28},
  number={6},
  pages={976--990},
  year={2010},
}
@article{weinland2011survey,
  title={A survey of vision-based methods for action representation, segmentation and recognition},
  author={Weinland, Daniel and Ronfard, Remi and Boyer, Edmond},
  journal={Computer vision and image understanding},
  volume={115},
  number={2},
  pages={224--241},
  year={2011},
}
@inproceedings{graves2006connectionist,
  title={Connectionist temporal classification: labelling unsegmented sequence data with recurrent neural networks},
  author={Graves, Alex and Fern{\'a}ndez, Santiago and Gomez, Faustino and Schmidhuber, J{\"u}rgen},
  booktitle=icml,
  year={2006},
}
@inproceedings{stewart2016end,
  title={End-to-end people detection in crowded scenes},
  author={Stewart, Russell and Andriluka, Mykhaylo and Ng, Andrew Y},
  booktitle=cvpr,
  year={2016}
}
@inproceedings{vinyals2015pointer,
  title={Pointer networks},
  author={Vinyals, Oriol and Fortunato, Meire and Jaitly, Navdeep},
  booktitle=nips,
  year={2015}
}
@inproceedings{vaswani2017attention,
  title={Attention is all you need},
  author={Vaswani, Ashish and Shazeer, Noam and Parmar, Niki and Uszkoreit, Jakob and Jones, Llion and Gomez, Aidan N and Kaiser, {\L}ukasz and Polosukhin, Illia},
  booktitle=nips,
  year={2017}
}
@article{gehring2017convolutional,
  title={Convolutional sequence to sequence learning},
  author={Gehring, Jonas and Auli, Michael and Grangier, David and Yarats, Denis and Dauphin, Yann N},
  journal=icml,
  year={2017}
}

@inproceedings{zhao2014quasi,
  title={Quasi real-time summarization for consumer videos},
  author={Zhao, Bin and Xing, Eric P},
  booktitle=cvpr,
  year={2014}
}
@inproceedings{blank2005actions,
  title={Actions as space-time shapes},
  author={Blank, Moshe and Gorelick, Lena and Shechtman, Eli and Irani, Michal and Basri, Ronen},
  booktitle=iccv,
  year={2005},
}


@incollection{bengio2012practical,
  title={Practical recommendations for gradient-based training of deep architectures},
  author={Bengio, Yoshua},
  booktitle={Neural networks: Tricks of the trade},
  pages={437--478},
  year={2012},
  publisher={Springer}
}
@inproceedings{kong2016photo,
  title={Photo aesthetics ranking network with attributes and content adaptation},
  author={Kong, Shu and Shen, Xiaohui and Lin, Zhe and Mech, Radomir and Fowlkes, Charless},
  booktitle=eccv,
  year={2016},
}
@article{rothe2016deep,
  title={Deep expectation of real and apparent age from a single image without facial landmarks},
  author={Rothe, Rasmus and Timofte, Radu and Van Gool, Luc},
  journal=ijcv,
  pages={1--14},
  year={2016},
}
@article{dong2016automatic,
  title={Automatic age estimation based on deep learning algorithm},
  author={Dong, Yuan and Liu, Yinan and Lian, Shiguo},
  journal={Neurocomputing},
  volume={187},
  pages={4--10},
  year={2016},
}
@inproceedings{sutic2010automatic,
  title={Automatic evaluation of facial attractiveness},
  author={Suti{\'c}, Davor and Bre{\v{s}}kovi{\'c}, Ivan and Hui{\'c}, Ren{\'e} and Juki{\'c}, Ivan},
  booktitle={MIPRO},
  year={2010},
}
@inproceedings{gygli2014creating,
  title={Creating summaries from user videos},
  author={Gygli, Michael and Grabner, Helmut and Riemenschneider, Hayko and Van Gool, Luc},
  booktitle=eccv,
  year={2014},
}
@inproceedings{song2015tvsum,
  title={Tvsum: Summarizing web videos using titles},
  author={Song, Yale and Vallmitjana, Jordi and Stent, Amanda and Jaimes, Alejandro},
  booktitle=cvpr,
  year={2015}
}
@inproceedings{gygli2015video,
  title={Video summarization by learning submodular mixtures of objectives},
  author={Gygli, Michael and Grabner, Helmut and Van Gool, Luc},
  booktitle=cvpr,
  year={2015}
}
@inproceedings{buch2017sst,
  title={Sst: Single-stream temporal action proposals},
  author={Buch, Shyamal and Escorcia, Victor and Shen, Chuanqi and Ghanem, Bernard and Niebles, Juan Carlos},
  booktitle=cvpr,
  year={2017},
}

@inproceedings{tran2015learning,
  title={Learning spatiotemporal features with 3d convolutional networks},
  author={Tran, Du and Bourdev, Lubomir and Fergus, Rob and Torresani, Lorenzo and Paluri, Manohar},
  booktitle=iccv,
  year={2015},
}
