@string{acc =  "Proc. ACC"}
@string{accv =  "Proc. ACCV"}
@string{add  =  "Addison-Wesley"}
@string{ai   =  "Artificial Intelligence"}
@string{aistats   = "Proc. AISTATS"}
@string{aiuws = "Arpa Image Understanding Workshop"}
@string{alvey = "Proc. Alvey Vision Conf."}
@string{alvey3 ="Proc. Alvey Vision Conf."}
@string{alvey4 ="Proc. Alvey Vision Conf."}
@string{avc87 = "Proc. Alvey Vision Conf."}
@string{avc88 = "Proc. Alvey Vision Conf."}
@string{avc89 = "Proc. Alvey Vision Conf."}
@string{bmvc =  "Proc. BMVC."}
@string{bmvc0 = bmvc}
@string{bmvc1 = bmvc}
@string{bmvc2 = bmvc}
@string{bmvc3 = bmvc}
@string{bmvc4 = bmvc}
@string{bmvc5 = bmvc}
@string{bmvc6 = bmvc}
@string{bmvc90 = bmvc}
@string{bmvc91 = bmvc}
@string{bmvc92 = bmvc}
@string{bmvc93 = bmvc}
@string{bmvc94 = bmvc}
@string{bmvc95 = bmvc}
@string{bmvc96 = bmvc}
@string{bmvc97 = bmvc}
@string{bmvc98 = bmvc}
@string{bmvc99 = bmvc}
@string{bmvc00 = bmvc}
@string{bmvc02 = bmvc}
@string{bmvc03 = bmvc}
@string{bmvc04 = bmvc}
@string{bmvc05 = bmvc}
@string{bmvc06 = bmvc}
@string{bmvc07 = bmvc}
@string{bmvc08 = bmvc}
@string{cdc88 = "Proc. Intl. Conf. on Decision and Control"}
@string{cmpb="CMPB"}
@string{compj="Comp. J."}
@string{cup = "Cambridge: CUP"}
@string{cviu="CVIU"}
@string{cvgip = "Computer Vision, Graphics and Image Processing"}
@string{cvgipiu="{CVGIP}: Image Understanding"}
@string{icvgip="Proc. ICVGIP"}
@string{icvgip00 = icvgip}
@string{icvgip02 = icvgip}
@string{civr   = "Proc. CIVR"}
@string{civr02 = "Proc. CIVR2002"}
@string{civr04 = "Proc. CIVR"}
@string{cvpr   = "Proc. CVPR"}
@string{cvpr85 = cvpr}
@string{cvpr89 = cvpr}
@string{cvpr96 = cvpr}
@string{cvpr97 = cvpr}
@string{cvpr98 = cvpr}
@string{cvpr99 = cvpr}
@string{cvpr00 = cvpr}
@string{cvpr01 = cvpr}
@string{cvpr02 = cvpr}
@string{cvpr03 = cvpr}
@string{cvpr04 = cvpr}
@string{cvpr05 = cvpr}
@string{cvpr06 = cvpr}
@string{cvpr07 = cvpr}
@string{cvpr08 = cvpr}
@string{cvprw   = "Proc. CVPR Workshops"}
@string{threeDIM   = "Proc. 3{DIM}"}
@string{threeDIM03 = threeDIM}
@string{eccv  = "Proc. ECCV"}
@string{eccv1 = eccv}
@string{eccv2 = eccv}
@string{eccv3 = eccv}
@string{eccv4 = eccv}
@string{eccv4.1=eccv}
@string{eccv4.2=eccv}
@string{eccv5 = eccv}
@string{eccv6 = eccv}
@string{eccv7 = eccv}
@string{eccv02 = eccv}
@string{eccv8 = eccv}
@string{eccv04 = eccv}
@string{eccv06 = eccv}
@string{eccv9 = eccv}
@string{eccv08 = eccv}
@string{eccvw  = "Proc. ECCV Workshops"}

@string{fg = "Proc. Int. Conf. Autom. Face and Gesture Recog."}
@string{gmip = "GMIP"}
@string{icarcv2="Proc. 2nd Intl. Conf. Automation, Robotics and Computer Vision"}
@string{icassp="Proc. ICASSP"}
@string{iccv =  "Proc. ICCV"}
@string{iccv1 = iccv}
@string{iccv2 = iccv}
@string{iccv3 = iccv}
@string{iccv4 = iccv}
@string{iccv5 = iccv}
@string{iccv6 = iccv}
@string{iccv7 = iccv}
@string{iccv8 = iccv}
@string{iccv9 = iccv}
@string{iccv10 = iccv}
@string{iccv87 = iccv}
@string{iccv88 = iccv}
@string{iccv90 = iccv}
@string{iccv93 = iccv}
@string{iccv95 = iccv}
@string{iccv98 = iccv}
@string{iccv99 = iccv}
@string{iccv01 = iccv}
@string{iccv03 = iccv}
@string{iccv05 = iccv}
@string{iccv07 = iccv}
@string{iccvw =  "Proc. ICCV Workshops"}

@string{iclr = "Proc. ICLR"}
@string{icpr =  "Proc. ICPR"}
@string{icpr00 = icpr}
@string{icpr01 = icpr}
@string{icpr02 = icpr}

@string{icra =  "Proc. Intl. Conf. on Robotics and Automation"}
@string{ecml = "Proc. ECML"}
@string{icml =  "Proc. ICML"}
@string{icml99 =  icml}
@string{icml01 =  icml}
@string{icml03 =  icml}

@string{siggraph_sketches = "Proc. ACM SIGGRAPH Sketches"}
@string{eurographics = "Proc. Eurographics"}
@string{ieeera ="Proc. IEEE Conf. Robotics and Automation"}
@string{ijcai = "Proc. IJCAI"}
@string{ijcv =  "IJCV"}
@string{ijmi =  "IJMI"}
@string{ijprai ="Intl. J. of Patt. Recogn. in Artificial Intelligence"}
@string{ijrr =  "Intl. J. of Robotics Research"}
@string{ip = "IP"}
@string{iros =  "Proc. {IEEE/RSJ} Conf. on Intelligent Robots and Systems"}
@string{iscv =  "IEEE Intl. Symposium on Computer Vision"}
@string{ismi =  "Proc. ISMI"}
@string{isrr3 = "Proc. 3rd Intl. Symposium on Robotics Research"}
@string{isrr4 = "Proc. 4th Intl. Symposium on Robotics Research"}
@string{iuw  =  "Proc. DARPA Image Understanding Workshop"}
@string{ivc  =  "Image and Vision Computing"}
@string{jmiv =  "J. Math. Imaging and Vision"}
@string{jmlr =  "J. Machine Learning Research"}
@string{josa =  "J. of the Optical Society of America"}
@string{jra =   "IEEE J. of Robotics and Automation"}
@string{kdd   = "Proc. KDD"}
@string{kluw =  "Kluwer Academic Publishers"}
@string{lncs = "LNCS"}

@string{mcbr = "Proc. MCBR-CDS"}
@string{miccai = "Proc. MICCAI"}

@string{mit  =  "MIT Press"}
@string{mitai = "MIT Artificial Intelligence Laboratory"}
@string{mlj = "ML Journal"}
@string{mmbia = "Proc. MMBIA"}
@string{mprog="Math. Prog."}
@string{mva =   "Machine Vision and Applications"}
@string{mva90 = "Proc. 1st {IAPR} Workshop on Machine Vision Applications"}
@string{mva96 = "Proc. 7th {IAPR} Workshop on Machine Vision Applications, Tokyo, Japan"}
@string{nips = "NIPS"}
@string{oueng = "Dept. of Engineering Science, University of Oxford"}
@string{oup  =  "Oxford University Press"}
@string{pami =  "IEEE PAMI"}
@string{pnas = "Proc. Nat. Acad. Sci. USA"}
@string{PRL = "Pattern Recognition Letters"}
@string{prsl =  "Proc. of the Royal Society of London"}
@string{ptrsla ="Phil. Trans. R. Soc. Lond. A"}
@string{ptrslb ="Phil. Trans. R. Soc. Lond. B"}
@string{ra =    "Proc. Robotics and Automation"}
@string{rs =    "Proc. Royal Society"}
@string{rss =    "RSS"}

@string{RoyalStat = "Journal of the Royal Statistical Society"}
@string{RoyalStatB = "J. of the Royal Stat. Soc. B"}
@string{sibgraph = "Proc. SIBGRAPH"} % [sic]
@string{siggraph = "Proc. ACM SIGGRAPH"}
@string{siggraph00 = siggraph}
@string{siggraph01 = siggraph}
@string{siggraph02 = siggraph}
@string{siggraph04 = siggraph}
@string{sp =    "Springer-Verlag"}
@string{stoc="STOC"}
@string{tcomputer = "IEEE Trans. Comput."}
@string{texture02 = "Proc. Intl. Workshop on Texture Analysis and Synthesis"}
@string{tra =   "IEEE Trans. Robotics and Automation"}
@string{wacv =  "Proc. WACV"}
@string{wil =   "John Wiley and Sons"}
@string{CommACM = "Comm. ACM"}
@string{spie01 = "Proc. SPIE Conf. on Human Vision and Electronic Imaging"}
@string{SPIE = "SPIE Conferences"}

@string{sigir = "Proc. SIGIR"}
@string{it =  "IT"}
@string{uai =  "Proc. UAI"}
@string{icwi =  "Proc. ICWI"}

@string{visalgs = "Vision Algorithms: Theory and Practice"}

@string{tip =  "IEEE Transactions on Image Processing"}
@string{tsp =  "IEEE Transactions on Signal Processing"}
@string{tinft =  "IEEE Transactions on Information Theory"}
@string{jvcir = "Journal of Visual Communication and Image Representation"}
@string{icip = "Intl. Conf. Image Proc."}
@string{SP:IC = "Signal Processing: Image Communication"}
@string{DARPA = "Image Understanding Workshop (DARPA)"}
@string{JOSA-A = "Journal of the Optical Society of America"}
@string{PIEEE = "Proceedings of IEEE"}
@string{CirSysVideo = "IEEE Trans. Circuits and Systems for Video Technology"}
@string{IEEE-NN = "IEEE Trans. Neural Networks"}
@string{tmi =  "IEEE TMI"}
@string{spm  =  "IEEE Signal Proc. Mag."}
@string{tist = "ACM TIST"}
@string{TIST = "ACM TIST"}
@string{acmmm = "Proc. ACMM"}
@string{icmr = "ACM ICMR"}
@string{ICMR = "ACM ICMR"}
      % ------------- strings definition ------------
          % I think months should be set to the null in shortstrings

@string{jan = ""}  %@string{jan = "Jan"}
@string{feb = ""}  %@string{feb = "Feb"}
@string{mar = ""}  %@string{mar = "Mar"}
@string{apr = ""}  %@string{apr = "Apr"}
@string{may = ""}  %@string{may = "May"}
@string{jun = ""}  %@string{jun = "Jun"}
@string{jul = ""}  %@string{jul = "Jul"}
@string{aug = ""}  %@string{aug = "Aug"}
@string{sep = ""}  %@string{sep = "Sep"}
@string{oct = ""}  %@string{oct = "Oct"}
@string{nov = ""}  %@string{nov = "Nov"}
@string{dec = ""}  %@string{dec = "Dec"}
